@incollection{nipsLu16,
    title = {Hierarchical Question-Image Co-Attention for Visual Question Answering},
    author = {Lu, Jiasen and Yang, Jianwei and Batra, Dhruv and Parikh, Devi},
    booktitle = {Advances in Neural Information Processing Systems 29},
    editor = {D. D. Lee and M. Sugiyama and U. V. Luxburg and I. Guyon and R. Garnett},
    pages = {289--297},
    year = {2016},
    publisher = {Curran Associates, Inc.},
    url = {http://papers.nips.cc/paper/6202-hierarchical-question-image-co-attention-for-visual-question-answering.pdf}
}

@article{corrFukui16,
  author    = {Akira Fukui and
               Dong Huk Park and
               Daylen Yang and
               Anna Rohrbach and
               Trevor Darrell and
               Marcus Rohrbach},
  title     = {Multimodal Compact Bilinear Pooling for Visual Question Answering
               and Visual Grounding},
  journal   = {CoRR},
  volume    = {abs/1606.01847},
  year      = {2016},
  url       = {http://arxiv.org/abs/1606.01847},
  archivePrefix = {arXiv},
  eprint    = {1606.01847},
  timestamp = {Mon, 13 Aug 2018 16:47:54 +0200},
  biburl    = {https://dblp.org/rec/bib/journals/corr/FukuiPYRDR16},
  bibsource = {dblp computer science bibliography, https://dblp.org}
}

@InProceedings{iccvAntol15,
    author = {Antol, Stanislaw and Agrawal, Aishwarya and Lu, Jiasen and Mitchell, Margaret and Batra, Dhruv and Lawrence Zitnick, C. and Parikh, Devi},
    title = {{VQA}: Visual Question Answering},
    booktitle = {The IEEE International Conference on Computer Vision (ICCV)},
    month = {December},
    year = {2015}
}

@InProceedings{cvprShih16,
    author = {Shih, Kevin J. and Singh, Saurabh and Hoiem, Derek},
    title = {Where to Look: Focus Regions for Visual Question Answering},
    booktitle = {The IEEE Conference on Computer Vision and Pattern Recognition (CVPR)},
    month = {June},
    year = {2016}
}

@InProceedings{cvprGoyal17, 
    author = {Yash Goyal and Tejas Khot and Douglas Summers{-}Stay and Dhruv Batra and Devi Parikh}, 
    title = {Making the {V} in {VQA} Matter: Elevating the Role of Image Understanding in {V}isual {Q}uestion {A}nswering}, 
    booktitle = {Conference on Computer Vision and Pattern Recognition (CVPR)}, 
    year = {2017}
}

@InProceedings{cvprZhang17, 
    author = {Peng Zhang and Yash Goyal and Douglas Summers{-}Stay and Dhruv Batra and Devi Parikh}, 
    title = {{Y}in and {Y}ang: Balancing and Answering Binary Visual Questions}, 
    booktitle = {Conference on Computer Vision and Pattern Recognition (CVPR)}, 
    year = {2016} 
}

@article{DBLP:corrHu17,
  author    = {Ronghang Hu and
               Jacob Andreas and
               Marcus Rohrbach and
               Trevor Darrell and
               Kate Saenko},
  title     = {Learning to Reason: End-to-End Module Networks for Visual Question
               Answering},
  journal   = {CoRR},
  volume    = {abs/1704.05526},
  year      = {2017},
  url       = {http://arxiv.org/abs/1704.05526},
  archivePrefix = {arXiv},
  eprint    = {1704.05526},
  timestamp = {Mon, 13 Aug 2018 16:48:09 +0200},
  biburl    = {https://dblp.org/rec/bib/journals/corr/HuARDS17},
  bibsource = {dblp computer science bibliography, https://dblp.org}
}

@article{corrDas16,
  author    = {Abhishek Das and
               Harsh Agrawal and
               C. Lawrence Zitnick and
               Devi Parikh and
               Dhruv Batra},
  title     = {Human Attention in Visual Question Answering: Do Humans and Deep Networks
               Look at the Same Regions?},
  journal   = {CoRR},
  volume    = {abs/1606.03556},
  year      = {2016},
  url       = {http://arxiv.org/abs/1606.03556},
  archivePrefix = {arXiv},
  eprint    = {1606.03556},
  timestamp = {Mon, 13 Aug 2018 16:49:00 +0200},
  biburl    = {https://dblp.org/rec/bib/journals/corr/DasAZPB16},
  bibsource = {dblp computer science bibliography, https://dblp.org}
}

@article{corrWu16,
  author    = {Qi Wu and
               Chunhua Shen and
               Anton van den Hengel and
               Peng Wang and
               Anthony R. Dick},
  title     = {Image Captioning and Visual Question Answering Based on Attributes
               and Their Related External Knowledge},
  journal   = {CoRR},
  volume    = {abs/1603.02814},
  year      = {2016},
  url       = {http://arxiv.org/abs/1603.02814},
  archivePrefix = {arXiv},
  eprint    = {1603.02814},
  timestamp = {Mon, 13 Aug 2018 16:46:35 +0200},
  biburl    = {https://dblp.org/rec/bib/journals/corr/WuSHWD16},
  bibsource = {dblp computer science bibliography, https://dblp.org}
}

@article{corrWang16,
  author    = {Peng Wang and
              Qi Wu and
              Chunhua Shen and
              Anton van den Hengel and
              Anthony R. Dick},
  title     = {{FVQA:} Fact-based Visual Question Answering},
  journal   = {CoRR},
  volume    = {abs/1606.05433},
  year      = {2016},
  url       = {http://arxiv.org/abs/1606.05433},
  archivePrefix = {arXiv},
  eprint    = {1606.05433},
  timestamp = {Mon, 13 Aug 2018 16:48:57 +0200},
  biburl    = {https://dblp.org/rec/bib/journals/corr/WangWSHD16},
  bibsource = {dblp computer science bibliography, https://dblp.org}
}

@article{corrIlievski16,
  author    = {Ilija Ilievski and
               Shuicheng Yan and
               Jiashi Feng},
  title     = {A Focused Dynamic Attention Model for Visual Question Answering},
  journal   = {CoRR},
  volume    = {abs/1604.01485},
  year      = {2016},
  url       = {http://arxiv.org/abs/1604.01485},
  archivePrefix = {arXiv},
  eprint    = {1604.01485},
  timestamp = {Mon, 13 Aug 2018 16:46:10 +0200},
  biburl    = {https://dblp.org/rec/bib/journals/corr/IlievskiYF16},
  bibsource = {dblp computer science bibliography, https://dblp.org}
}

@article{DBLP:corrKim16,
  author    = {Jin{-}Hwa Kim and
               Sang{-}Woo Lee and
               Dong{-}Hyun Kwak and
               Min{-}Oh Heo and
               Jeonghee Kim and
               Jung{-}Woo Ha and
               Byoung{-}Tak Zhang},
  title     = {Multimodal Residual Learning for Visual {QA}},
  journal   = {CoRR},
  volume    = {abs/1606.01455},
  year      = {2016},
  url       = {http://arxiv.org/abs/1606.01455},
  archivePrefix = {arXiv},
  eprint    = {1606.01455},
  timestamp = {Mon, 13 Aug 2018 16:47:44 +0200},
  biburl    = {https://dblp.org/rec/bib/journals/corr/KimLKHKHZ16},
  bibsource = {dblp computer science bibliography, https://dblp.org}
}

@article{corrNoh16,
  author    = {Hyeonwoo Noh and
               Bohyung Han},
  title     = {Training Recurrent Answering Units with Joint Loss Minimization for
               {VQA}},
  journal   = {CoRR},
  volume    = {abs/1606.03647},
  year      = {2016},
  url       = {http://arxiv.org/abs/1606.03647},
  archivePrefix = {arXiv},
  eprint    = {1606.03647},
  timestamp = {Mon, 13 Aug 2018 16:47:51 +0200},
  biburl    = {https://dblp.org/rec/bib/journals/corr/NohH16},
  bibsource = {dblp computer science bibliography, https://dblp.org}
}

@article{corrSaito16,
  author    = {Kuniaki Saito and
               Andrew Shin and
               Yoshitaka Ushiku and
               Tatsuya Harada},
  title     = {DualNet: Domain-Invariant Network for Visual Question Answering},
  journal   = {CoRR},
  volume    = {abs/1606.06108},
  year      = {2016},
  url       = {http://arxiv.org/abs/1606.06108},
  archivePrefix = {arXiv},
  eprint    = {1606.06108},
  timestamp = {Mon, 13 Aug 2018 16:46:21 +0200},
  biburl    = {https://dblp.org/rec/bib/journals/corr/SaitoSUH16},
  bibsource = {dblp computer science bibliography, https://dblp.org}
}

@article{corrYang15,
  author    = {Zichao Yang and
               Xiaodong He and
               Jianfeng Gao and
               Li Deng and
               Alexander J. Smola},
  title     = {Stacked Attention Networks for Image Question Answering},
  journal   = {CoRR},
  volume    = {abs/1511.02274},
  year      = {2015},
  url       = {http://arxiv.org/abs/1511.02274},
  archivePrefix = {arXiv},
  eprint    = {1511.02274},
  timestamp = {Mon, 13 Aug 2018 16:47:25 +0200},
  biburl    = {https://dblp.org/rec/bib/journals/corr/YangHGDS15},
  bibsource = {dblp computer science bibliography, https://dblp.org}
}

@article{corrXiong16,
  author    = {Caiming Xiong and
               Stephen Merity and
               Richard Socher},
  title     = {Dynamic Memory Networks for Visual and Textual Question Answering},
  journal   = {CoRR},
  volume    = {abs/1603.01417},
  year      = {2016},
  url       = {http://arxiv.org/abs/1603.01417},
  archivePrefix = {arXiv},
  eprint    = {1603.01417},
  timestamp = {Mon, 13 Aug 2018 16:49:04 +0200},
  biburl    = {https://dblp.org/rec/bib/journals/corr/XiongMS16},
  bibsource = {dblp computer science bibliography, https://dblp.org}
}